<record><leader>00000cas a22000007a 4500</leader><controlfield tag="001">9351937</controlfield><controlfield tag="008">830328d18841896ksuwr ne      0    0eng d</controlfield><controlfield tag="009">3789</controlfield><datafield ind1=" " ind2=" " tag="010"><subfield code="a">sn 83040021 </subfield></datafield><datafield ind1=" " ind2=" " tag="040"><subfield code="a">KSH</subfield><subfield code="b">eng</subfield><subfield code="c">KSH</subfield><subfield code="d">NPT</subfield><subfield code="d">NPX</subfield><subfield code="d">NPT</subfield></datafield><datafield ind1="1" ind2=" " tag="029"><subfield code="a">AU@</subfield><subfield code="b">000025788323</subfield></datafield><datafield ind1=" " ind2=" " tag="042"><subfield code="a">msc</subfield></datafield><datafield ind1="0" ind2="0" tag="245"><subfield code="a">Republican plaindealer.</subfield></datafield><datafield ind1="0" ind2="0" tag="246"><subfield code="a">Republican-plaindealer</subfield><subfield code="f">June 6, 1884-June 12, 1896.</subfield></datafield><datafield ind1=" " ind2=" " tag="260"><subfield code="a">Garnett, Kan. :</subfield><subfield code="b">[J.W. Richardson],</subfield><subfield code="c">1884-1896.</subfield></datafield><datafield ind1=" " ind2=" " tag="300"><subfield code="a">13 v. :</subfield><subfield code="b">ill. ;</subfield><subfield code="c">55-70 cm.</subfield></datafield><datafield ind1=" " ind2=" " tag="310"><subfield code="a">Weekly</subfield></datafield><datafield ind1="0" ind2=" " tag="362"><subfield code="a">Vol. 19, no. 47 (May 30, 1884)-v. 31, no. 52 (June 12, 1896).</subfield></datafield><datafield ind1=" " ind2=" " tag="500"><subfield code="a">Publisher's name recorded in Kan. State Historical Society.  Hist. of Kan. newspapers.</subfield></datafield><datafield ind1=" " ind2=" " tag="500"><subfield code="a">"Republican."</subfield></datafield><datafield ind1=" " ind2=" " tag="500"><subfield code="a">Editor: J.W. Richardson.</subfield></datafield><datafield ind1=" " ind2=" " tag="752"><subfield code="a">United States</subfield><subfield code="b">Kansas</subfield><subfield code="c">Anderson</subfield><subfield code="d">Garnett.</subfield></datafield><datafield ind1="1" ind2=" " tag="700"><subfield code="a">Richardson, J. W.</subfield></datafield><datafield ind1="0" ind2="4" tag="780"><subfield code="t">Anderson County Republican (Garnett, Kan. : 1883)</subfield><subfield code="w">(DLC)sn 83040032</subfield></datafield><datafield ind1="0" ind2="4" tag="780"><subfield code="t">Garnett plaindealer (Garnett, Kan. : 1884)</subfield><subfield code="w">(DLC)sn 83040020</subfield></datafield><datafield ind1="0" ind2="0" tag="785"><subfield code="t">Garnett republican-plaindealer</subfield><subfield code="w">(DLC)sn 83040022</subfield></datafield></record>